@inproceedings{NIPS2017_8a20a862,
    title        = {A Unified Approach to Interpreting Model Predictions},
    author       = {Lundberg, Scott M and Lee, Su-In},
    year         = 2017,
    booktitle    = {Advances in Neural Information Processing Systems},
    publisher    = {Curran Associates, Inc.},
    volume       = 30,
    pages        = {},
    editor       = {I. Guyon and U. Von Luxburg and S. Bengio and H. Wallach and R. Fergus and S. Vishwanathan and R. Garnett}
}
@article{Shapley195317,
    title        = {17. {A} {Value} for n-{Person} {Games}},
    author       = {Shapley, L. S.},
    year         = 1953,
    month        = {dec 31},
    journal      = {Contributions to the Theory of Games (AM-28), Volume II},
    publisher    = {Princeton University Press},
    pages        = {307--318}
}

@article{scikit-learn,
 title={Scikit-learn: Machine Learning in {P}ython},
 author={Pedregosa, F. and Varoquaux, G. and Gramfort, A. and Michel, V.
         and Thirion, B. and Grisel, O. and Blondel, M. and Prettenhofer, P.
         and Weiss, R. and Dubourg, V. and Vanderplas, J. and Passos, A. and
         Cournapeau, D. and Brucher, M. and Perrot, M. and Duchesnay, E.},
 journal={Journal of Machine Learning Research},
 volume={12},
 pages={2825--2830},
 year={2011}
}


@article{Bragazzi2021Burden,
	author = {Bragazzi, N. L. and Zhong, W. and Shu, J. and Abu Much, A. and Lotan, D. and Grupper, A. and Younis, A. and Dai, H.},
	journal = {European Journal of Preventive Cardiology},
	number = {15},
	year = {2021},
	month = {feb 12},
	pages = {1682--1690},
	publisher = {Oxford University Press (OUP)},
	title = {Burden of heart failure and underlying causes in 195 countries and territories from 1990 to 2017},
	volume = {28},
}


@article{Groenewegen2020Epidemiology,
	author = {Groenewegen, A. and Rutten, F. H. and Mosterd, A. and Hoes, A. W.},
	journal = {European Journal of Heart Failure},
	number = {8},
	year = {2020},
	month = {6},
	pages = {1342--1356},
	publisher = {Wiley},
	title = {Epidemiology of heart failure},
	volume = {22},
}


@article{Zhang2021Electronic,
	author = {Zhang, Z. and Cao, L. and Chen, R. and Zhao, Y. and Lv, L. and Xu, Z. and Xu, P.},
	journal = {Scientific Data},
	number = {1},
	year = {2021},
	month = {feb 5},
	publisher = {{Springer Science and Business Media LLC}},
	title = {Electronic healthcare records and external outcome data for hospitalized patients with heart failure},
	volume = {8},
}


@article{Chen2023Predicting,
	author = {Chen, S. and Hu, W. and Yang, Y. and Cai, J. and Luo, Y. and Gong, L. and Li, Y. and Si, A. and Zhang, Y. and Liu, S. and Mi, B. and Pei, L. and Zhao, Y. and Chen, F.},
	journal = {Journal of Clinical Medicine},
	number = {3},
	year = {2023},
	month = {jan 21},
	pages = {870},
	publisher = {MDPI AG},
	title = {Predicting {Six}-{Month} {Re}-{Admission} {Risk} in {Heart} {Failure} {Patients} {Using} {Multiple} {Machine} {Learning} {Methods}: A {Study} {Based} on the {Chinese} {Heart} {Failure} {Population} {Database}},
	volume = {12},
}

@article{Sharma2022Predicting,
	author = {Sharma, V. and Kulkarni, V. and Mcalister, F. and Eurich, D. and Keshwani, S. and Simpson, S. H. and Voaklander, D. and Samanani, S.},
	journal = {Journal of Cardiac Failure},
	number = {5},
	year = {2022},
	month = {5},
	pages = {710--722},
	publisher = {Elsevier BV},
	title = {Predicting 30-{Day} {Readmissions} in {Patients} {With} {Heart} {Failure} {Using} {Administrative} {Data}: A {Machine} {Learning} {Approach}},
	volume = {28},
}

@article{Lonn2000Regular,
	author = {Lonn, E.},
	journal = {BMJ},
	number = {7243},
	year = {2000},
	month = {apr 29},
	pages = {1188--1192},
	publisher = {BMJ},
	title = {Regular review: Drug treatment in heart failure},
	volume = {320},
}